<?xml version="1.0" encoding="UTF-8"?>
<record>
  <leader>01416nam#a2200361#c#4500</leader>
  <controlfield tag="005">20210409023921.0</controlfield>
  <controlfield tag="007">tu</controlfield>
  <controlfield tag="008">080918|2008####xxu###########|||#|#eng#c</controlfield>
  <controlfield tag="003">DE-605</controlfield>
  <controlfield tag="001">990171142550206441</controlfield>
  <datafield tag="016" ind1="7" ind2=" ">
    <subfield code="a">229920989</subfield>
    <subfield code="2">OCoLC</subfield>
  </datafield>
  <datafield tag="020" ind1=" " ind2=" ">
    <subfield code="a">9780838909508</subfield>
    <subfield code="c">alk. paper : $65.00</subfield>
    <subfield code="9">978-0-8389-0950-8</subfield>
  </datafield>
  <datafield tag="020" ind1=" " ind2=" ">
    <subfield code="a">0838909507</subfield>
    <subfield code="c">alk. paper : $65.00</subfield>
    <subfield code="9">0-8389-0950-7</subfield>
  </datafield>
  <datafield tag="035" ind1=" " ind2=" ">
    <subfield code="a">(DE-605)HT015671602</subfield>
  </datafield>
  <datafield tag="040" ind1=" " ind2=" ">
    <subfield code="a">290</subfield>
    <subfield code="b">ger</subfield>
    <subfield code="c">GBV</subfield>
    <subfield code="d">361</subfield>
    <subfield code="e">aacr</subfield>
  </datafield>
  <datafield tag="041" ind1=" " ind2=" ">
    <subfield code="a">eng</subfield>
  </datafield>
  <datafield tag="044" ind1=" " ind2=" ">
    <subfield code="c">XD-US</subfield>
  </datafield>
  <datafield tag="082" ind1="0" ind2=" ">
    <subfield code="a">025.3</subfield>
  </datafield>
  <datafield tag="084" ind1=" " ind2=" ">
    <subfield code="a">AN 74000</subfield>
    <subfield code="2">rvk</subfield>
  </datafield>
  <datafield tag="084" ind1=" " ind2=" ">
    <subfield code="a">AN 74500</subfield>
    <subfield code="2">rvk</subfield>
  </datafield>
  <datafield tag="100" ind1="1" ind2=" ">
    <subfield code="a">Maxwell, Robert L.</subfield>
    <subfield code="d">1957-</subfield>
    <subfield code="0">(DE-588)142840386</subfield>
    <subfield code="4">aut</subfield>
    <subfield code="0">https://portal.dnb.de/opac.htm?method=simpleSearch&amp;cqlMode=true&amp;query=idn=142840386</subfield>
    <subfield code="0">http://viaf.org/viaf/sourceID/DNB|142840386</subfield>
    <subfield code="B">GND-142840386</subfield>
  </datafield>
  <datafield tag="245" ind1="1" ind2="0">
    <subfield code="a">FRBR</subfield>
    <subfield code="b">a guide for the perplexed</subfield>
    <subfield code="c">Robert L. Maxwell</subfield>
  </datafield>
  <datafield tag="264" ind1=" " ind2="1">
    <subfield code="a">Chicago</subfield>
    <subfield code="b">American Library Association</subfield>
    <subfield code="c">2008</subfield>
  </datafield>
  <datafield tag="300" ind1=" " ind2=" ">
    <subfield code="a">VII, 151 S. : graph. Darst.</subfield>
  </datafield>
  <datafield tag="505" ind1="0" ind2=" ">
    <subfield code="a">Inhalt: The entity-relationship model -- The FRBR entities -- Relationships -- The user tasks -- The FRBR model and the existing MARC and AACR2-based cataloging model</subfield>
    <subfield code="9">F:517c</subfield>
  </datafield>
  <datafield tag="650" ind1=" " ind2="0">
    <subfield code="a">FRBR (Conceptual model)</subfield>
  </datafield>
  <datafield tag="689" ind1="0" ind2="0">
    <subfield code="a">Functional Requirements for Bibliographic Records</subfield>
    <subfield code="D">s</subfield>
    <subfield code="0">(DE-588)7615733-7</subfield>
    <subfield code="0">https://portal.dnb.de/opac.htm?method=simpleSearch&amp;cqlMode=true&amp;query=idn=989254461</subfield>
    <subfield code="0">http://viaf.org/viaf/sourceID/DNB|989254461</subfield>
    <subfield code="B">GND-989254461</subfield>
  </datafield>
  <datafield tag="856" ind1="4" ind2="2">
    <subfield code="m">V:DE-605;X:migimw</subfield>
    <subfield code="q">application/pdf</subfield>
    <subfield code="u">http://digitale-objekte.hbz-nrw.de/storage/2011/07/09/file_16/4219074.pdf</subfield>
    <subfield code="3">Inhaltsverzeichnis</subfield>
    <subfield code="9">O:PKN</subfield>
  </datafield>
  <datafield tag="964" ind1="0" ind2="s">
    <subfield code="F">030</subfield>
    <subfield code="A">a|5zk||z|0017</subfield>
  </datafield>
  <datafield tag="964" ind1="0" ind2="s">
    <subfield code="F">050</subfield>
    <subfield code="A">a|a|||||||</subfield>
  </datafield>
  <datafield tag="964" ind1="0" ind2="s">
    <subfield code="F">051</subfield>
    <subfield code="A">m|||||</subfield>
  </datafield>
  <datafield tag="035" ind1=" " ind2=" ">
    <subfield code="a">(OCoLC)229920989</subfield>
  </datafield>
  <datafield tag="035" ind1=" " ind2=" ">
    <subfield code="a">(DE-599)HBZHT015671602</subfield>
  </datafield>
  <datafield tag="MBD" ind1=" " ind2=" ">
    <subfield code="M">49HBZ_NETWORK</subfield>
    <subfield code="i">990171142550206441</subfield>
    <subfield code="n">HBZ Network</subfield>
  </datafield>
  <datafield tag="MBD" ind1=" " ind2=" ">
    <subfield code="M">49HBZ_THK</subfield>
    <subfield code="i">991000411369706477</subfield>
    <subfield code="n">Technische Hochschule Köln (TH Köln)</subfield>
  </datafield>
  <datafield tag="MBD" ind1=" " ind2=" ">
    <subfield code="M">49HBZ_UBD</subfield>
    <subfield code="i">991011741359706445</subfield>
    <subfield code="n">Technische Universität Dortmund</subfield>
  </datafield>
  <datafield tag="MBD" ind1=" " ind2=" ">
    <subfield code="M">49HBZ_UBT</subfield>
    <subfield code="i">990018986390106470</subfield>
    <subfield code="n">UB Trier</subfield>
  </datafield>
  <datafield tag="MBD" ind1=" " ind2=" ">
    <subfield code="M">49HBZ_BIE</subfield>
    <subfield code="i">991011838949706442</subfield>
    <subfield code="n">Universität Bielefeld</subfield>
  </datafield>
  <datafield tag="MBD" ind1=" " ind2=" ">
    <subfield code="M">49HBZ_UBK</subfield>
    <subfield code="i">991037887999706476</subfield>
    <subfield code="n">Universität Köln</subfield>
  </datafield>
  <datafield tag="MNG" ind1=" " ind2=" ">
    <subfield code="c">System</subfield>
    <subfield code="f">ILS</subfield>
    <subfield code="i">marc21</subfield>
    <subfield code="k">01</subfield>
    <subfield code="e">false</subfield>
    <subfield code="d">2021-04-09 02:39:21 Europe/Berlin</subfield>
    <subfield code="g">017114255-HBZ01</subfield>
    <subfield code="j">60</subfield>
    <subfield code="a">import</subfield>
    <subfield code="b">2021-04-05 10:23:52 Europe/Berlin</subfield>
  </datafield>
  <datafield tag="H52" ind1="8" ind2=" ">
    <subfield code="b">SUED</subfield>
    <subfield code="c">63</subfield>
    <subfield code="h">BBV1290</subfield>
    <subfield code="8">2244668780006477</subfield>
  </datafield>
  <datafield tag="HOL" ind1=" " ind2=" ">
    <subfield code="b">2023-08-17 19:48:41</subfield>
    <subfield code="8">2244668780006477</subfield>
    <subfield code="M">49HBZ_THK</subfield>
    <subfield code="g">false</subfield>
    <subfield code="a">import</subfield>
  </datafield>
  <datafield tag="ITM" ind1=" " ind2=" ">
    <subfield code="H">2244668780006477</subfield>
    <subfield code="x">63</subfield>
    <subfield code="f">BOOK</subfield>
    <subfield code="v">63</subfield>
    <subfield code="X">AMO_CO_FIX</subfield>
    <subfield code="U">2023-08-16 12:59:00 Europe/Berlin</subfield>
    <subfield code="Y">2023-08-17 19:40:06 Europe/Berlin</subfield>
    <subfield code="h">false</subfield>
    <subfield code="n">63BBV1290</subfield>
    <subfield code="P">Notation: BBV</subfield>
    <subfield code="G">1</subfield>
    <subfield code="M">49HBZ_THK</subfield>
    <subfield code="s">1</subfield>
    <subfield code="d">8</subfield>
    <subfield code="V">import</subfield>
    <subfield code="L">HBZ01: HT015671602</subfield>
    <subfield code="b">63BBV1290</subfield>
    <subfield code="O">SISIS-Ausleihzähler Migrationsjahr: 0 | SISIS-Ausleihzähler Vor-Migrationsjahr: 0 | SISIS-Ausleihzähler vorletztes Migrationsjahr: 0 | SISIS-Vormerkzähler Migrationsjahr: 0 | SISIS-vorletztes Rückgabedatum: 2014-04-07</subfield>
    <subfield code="N">SISIS-Buchdaten-Aufnahmedatum: 2009-01-08</subfield>
    <subfield code="a">2344668760006477</subfield>
    <subfield code="c">BBV1290</subfield>
    <subfield code="W">2023-08-17 21:48:41 Europe/Berlin</subfield>
    <subfield code="u">SUED</subfield>
    <subfield code="w">SUED</subfield>
  </datafield>
  <datafield tag="H52" ind1=" " ind2=" ">
    <subfield code="b">ZB</subfield>
    <subfield code="c">Freihand</subfield>
    <subfield code="8">22199326610006445</subfield>
  </datafield>
  <datafield tag="HOL" ind1=" " ind2=" ">
    <subfield code="b">2021-04-19 15:34:30</subfield>
    <subfield code="8">22199326610006445</subfield>
    <subfield code="M">49HBZ_UBD</subfield>
    <subfield code="g">false</subfield>
    <subfield code="a">import</subfield>
  </datafield>
  <datafield tag="ITM" ind1=" " ind2=" ">
    <subfield code="H">22199326610006445</subfield>
    <subfield code="x">Freihand</subfield>
    <subfield code="f">BOOK</subfield>
    <subfield code="v">Freihand</subfield>
    <subfield code="X">System</subfield>
    <subfield code="U">2021-04-19 12:59:00 Europe/Berlin</subfield>
    <subfield code="Y">2021-04-19 17:34:58 Europe/Berlin</subfield>
    <subfield code="h">false</subfield>
    <subfield code="n">A 12200</subfield>
    <subfield code="G">1</subfield>
    <subfield code="M">49HBZ_UBD</subfield>
    <subfield code="s">1</subfield>
    <subfield code="d">#</subfield>
    <subfield code="V">import</subfield>
    <subfield code="L">ClassificationNo: 100 | SISIS-Magazindrucker: 0 | HBZ01: HT015671602</subfield>
    <subfield code="b">20139223</subfield>
    <subfield code="O">SISIS-Ausleihzähler vorletztes Migrationsjahr: 0 | SISIS-Vormerkzähler Migrationsjahr: 0 | SISIS-vorletztes Rückgabedatum: 2015-02-20 | SISIS-Buchdaten-Aufnahmedatum: 2008-10-24</subfield>
    <subfield code="N">Fernleihkonditionen: 0 | Sigel: 290 | Klassifikation: 100 | Altersbegrenzung: 0 | SISIS-Ausleihzähler Migrationsjahr: 0 | SISIS-Ausleihzähler Vor-Migrationsjahr: 0</subfield>
    <subfield code="a">23199326600006445</subfield>
    <subfield code="B">ZB-6378</subfield>
    <subfield code="W">2021-04-19 17:34:30 Europe/Berlin</subfield>
    <subfield code="u">ZB</subfield>
    <subfield code="w">ZB</subfield>
  </datafield>
  <datafield tag="H52" ind1="8" ind2="1">
    <subfield code="b">T0011</subfield>
    <subfield code="c">UNASSIGNED</subfield>
    <subfield code="8">22266502840006470</subfield>
  </datafield>
  <datafield tag="HOL" ind1=" " ind2=" ">
    <subfield code="b">2023-08-13 15:15:28</subfield>
    <subfield code="8">22266502840006470</subfield>
    <subfield code="M">49HBZ_UBT</subfield>
    <subfield code="g">false</subfield>
    <subfield code="a">import</subfield>
  </datafield>
  <datafield tag="H52" ind1="8" ind2=" ">
    <subfield code="b">T0011</subfield>
    <subfield code="c">72</subfield>
    <subfield code="h">PR/f14617</subfield>
    <subfield code="8">22266502860006470</subfield>
  </datafield>
  <datafield tag="HOL" ind1=" " ind2=" ">
    <subfield code="b">2023-08-13 15:15:28</subfield>
    <subfield code="8">22266502860006470</subfield>
    <subfield code="M">49HBZ_UBT</subfield>
    <subfield code="g">false</subfield>
    <subfield code="a">import</subfield>
  </datafield>
  <datafield tag="ITM" ind1=" " ind2=" ">
    <subfield code="H">22266502860006470</subfield>
    <subfield code="x">72</subfield>
    <subfield code="f">BOOK</subfield>
    <subfield code="v">72</subfield>
    <subfield code="p">22</subfield>
    <subfield code="X">System</subfield>
    <subfield code="U">2011-07-07 12:59:00 Europe/Berlin</subfield>
    <subfield code="Y">2023-08-13 17:17:14 Europe/Berlin</subfield>
    <subfield code="h">false</subfield>
    <subfield code="n">PR/f14617</subfield>
    <subfield code="P">80/a/n/</subfield>
    <subfield code="M">49HBZ_UBT</subfield>
    <subfield code="s">1</subfield>
    <subfield code="d">8</subfield>
    <subfield code="V">import</subfield>
    <subfield code="b">0080.2818.77</subfield>
    <subfield code="a">23266502850006470</subfield>
    <subfield code="t">8</subfield>
    <subfield code="R">Maintenance count: 002</subfield>
    <subfield code="c">PR/f14617</subfield>
    <subfield code="S">BE11-8740</subfield>
    <subfield code="B">11-3854</subfield>
    <subfield code="D">20110803</subfield>
    <subfield code="W">2011-07-07 02:00:00 Europe/Berlin</subfield>
    <subfield code="u">T0011</subfield>
    <subfield code="w">T0011</subfield>
  </datafield>
  <datafield tag="H52" ind1="8" ind2=" ">
    <subfield code="b">UB_BI</subfield>
    <subfield code="c">01_Mono</subfield>
    <subfield code="h">AD530 M465</subfield>
    <subfield code="8">22278788370006442</subfield>
  </datafield>
  <datafield tag="HOL" ind1=" " ind2=" ">
    <subfield code="b">2021-04-19 05:39:34</subfield>
    <subfield code="8">22278788370006442</subfield>
    <subfield code="M">49HBZ_BIE</subfield>
    <subfield code="g">false</subfield>
    <subfield code="a">import</subfield>
  </datafield>
  <datafield tag="ITM" ind1=" " ind2=" ">
    <subfield code="H">22278788370006442</subfield>
    <subfield code="x">01_Mono</subfield>
    <subfield code="f">BOOK</subfield>
    <subfield code="v">01_Mono</subfield>
    <subfield code="p">item_08</subfield>
    <subfield code="X">Cutover_Fix_OSID</subfield>
    <subfield code="U">2021-04-18 12:59:00 Europe/Berlin</subfield>
    <subfield code="Y">2021-04-19 07:40:04 Europe/Berlin</subfield>
    <subfield code="h">false</subfield>
    <subfield code="M">49HBZ_BIE</subfield>
    <subfield code="s">1</subfield>
    <subfield code="d">8</subfield>
    <subfield code="V">import</subfield>
    <subfield code="L">Abteilung/Standort/Haushaltsstufe: 1 | SISIS-Magazindrucker: 0 | HBZ01: HT015671602 | Keine Beilagen: 1</subfield>
    <subfield code="b">018/4273175+01</subfield>
    <subfield code="O">SISIS-Ausleihzähler vorletztes Migrationsjahr: 0 | SISIS-Vormerkzähler Migrationsjahr: 0 | SISIS-Buchdaten-Aufnahmedatum: 2011-03-14</subfield>
    <subfield code="N">Fernleihkonditionen: 0 | Sigel: 361 | Klassifikation: 01_Mono | Altersbegrenzung: 0 | SISIS-Ausleihzähler Migrationsjahr: 0 | SISIS-Ausleihzähler Vor-Migrationsjahr: 0</subfield>
    <subfield code="a">23278788360006442</subfield>
    <subfield code="c">AD530 M465</subfield>
    <subfield code="B">11-3373</subfield>
    <subfield code="W">2021-04-19 07:39:34 Europe/Berlin</subfield>
    <subfield code="u">UB_BI</subfield>
    <subfield code="w">UB_BI</subfield>
  </datafield>
  <datafield tag="H52" ind1=" " ind2=" ">
    <subfield code="b">38</subfield>
    <subfield code="c">38-SAB</subfield>
    <subfield code="8">22179051260006476</subfield>
  </datafield>
  <datafield tag="HOL" ind1=" " ind2=" ">
    <subfield code="b">2023-08-22 09:06:30</subfield>
    <subfield code="8">22179051260006476</subfield>
    <subfield code="M">49HBZ_UBK</subfield>
    <subfield code="g">false</subfield>
    <subfield code="a">import</subfield>
  </datafield>
  <datafield tag="ITM" ind1=" " ind2=" ">
    <subfield code="H">22179051260006476</subfield>
    <subfield code="x">38-SAB</subfield>
    <subfield code="f">BOOK</subfield>
    <subfield code="v">38-SAB</subfield>
    <subfield code="p">A</subfield>
    <subfield code="X">AMO_HBZ_FIX</subfield>
    <subfield code="U">2023-08-21 12:59:00 Europe/Berlin</subfield>
    <subfield code="Y">2023-08-24 04:52:25 Europe/Berlin</subfield>
    <subfield code="h">false</subfield>
    <subfield code="n">39A5443</subfield>
    <subfield code="G">1</subfield>
    <subfield code="M">49HBZ_UBK</subfield>
    <subfield code="s">1</subfield>
    <subfield code="d">#</subfield>
    <subfield code="V">import</subfield>
    <subfield code="b">39A5443</subfield>
    <subfield code="O">HBZ01: HT015671602 | Aufnahmedatum: 2011-07-05 | Klassifikation: 670</subfield>
    <subfield code="a">23179051250006476</subfield>
    <subfield code="W">2023-08-22 11:06:30 Europe/Berlin</subfield>
    <subfield code="u">38</subfield>
    <subfield code="w">38</subfield>
  </datafield>
  <datafield tag="GPN" ind1="1" ind2=" ">
    <subfield code="a">Maxwell, Robert LeGrand</subfield>
    <subfield code="d">1957-</subfield>
    <subfield code="4">navo</subfield>
    <subfield code="4">http://d-nb.info/standards/elementset/gnd#FullerFormOfNameOfThePerson</subfield>
    <subfield code="w">r</subfield>
    <subfield code="i">Vollstaendiger Name</subfield>
    <subfield code="e">Vollstaendiger Name</subfield>
    <subfield code="A">GND</subfield>
    <subfield code="B">GND-142840386</subfield>
    <subfield code="C">400</subfield>
  </datafield>
  <datafield tag="GSI" ind1="7" ind2=" ">
    <subfield code="a">http://d-nb.info/gnd/142840386</subfield>
    <subfield code="2">uri</subfield>
    <subfield code="A">GND</subfield>
    <subfield code="B">GND-142840386</subfield>
    <subfield code="C">024</subfield>
  </datafield>
  <datafield tag="GST" ind1=" " ind2=" ">
    <subfield code="a">FRBR</subfield>
    <subfield code="A">GND</subfield>
    <subfield code="B">GND-989254461</subfield>
    <subfield code="C">450</subfield>
  </datafield>
  <datafield tag="GSI" ind1="7" ind2=" ">
    <subfield code="a">http://d-nb.info/gnd/7615733-7</subfield>
    <subfield code="2">uri</subfield>
    <subfield code="A">GND</subfield>
    <subfield code="B">GND-989254461</subfield>
    <subfield code="C">024</subfield>
  </datafield>
</record>
